@misc{commons-Importance,
  title = {The importance of recommender systems},
  author = {Commons},
  year = {2017},
  howpublished = "\url{https://medium.com/@Commons/the-importance-of-recommender-systems-36f86f92181}",
  note = {last access 11/12/2022}
}

@inbook{Raghuwanshi-Intro,
author = {Raghuwanshi, Sandeep and Pateriya, R.},
year = {2019},
month = {01},
pages = {151-164},
title = {Recommendation Systems: Techniques, Challenges, Application, and Evaluation: SocProS 2017, Volume 2},
isbn = {978-981-13-1594-7},
journal = {Advances in Intelligent Systems and Computing},
doi = {10.1007/978-981-13-1595-4_12}
}

@article{Ilyas-Intro,
author = {Ilyas, Qazi and Mehmood, Abid and Ahmad, Ashfaq and Ahmad, Muneer},
year = {2022},
month = {06},
pages = {7175 (1-31)},
title = {A Systematic Study on a Customer's Next-Items Recommendation Techniques},
volume = {14},
journal = {Sustainability},
doi = {10.3390/su14127175}
}

@misc{Netflix-Recommendation,
  title = {How Netflixâ€™s Recommendations System Works},
  author = {Netflix},
  year = {2022},
  howpublished = "\url{https://help.netflix.com/en/node/100639}",
  note = {last access 11/12/2022}
}

@misc{Macmanus-5Problems,
  title = {5 Problems of Recommender Systems},
  author = {Richard Macmanus},
  year = {2009},
  howpublished = "\url{https://readwrite.com/5_problems_of_recommender_systems/}",
  note = {last access 11/12/2022}
}

@misc{Book-ch9,
  title = {Recommendation Systems},
  howpublished = "\url{http://infolab.stanford.edu/~ullman/mmds/ch9.pdf}",
  note = {last access 19/12/2022}
}

@article {hybrid-intro,
author = {A. Tuzhilin and G. Adomavicius},
title = {Toward the Next Generation of Recommender Systems: A Survey of the State-of-the-Art and Possible Extensions},
year = {2005},
volume = {17},
number = {06},
issn = {1558-2191},
pages = {734-749},
keywords = {recommender systems;collaborative filtering;rating estimation methods;extensions to recommender systems.},
doi = {10.1109/TKDE.2005.99},
publisher = {IEEE Computer Society},
address = {Los Alamitos, CA, USA},
month = {jun}
}



@misc{MAE,
  title = {Mean Absolute Error},
  howpublished = "\url{https://en.wikipedia.org/wiki/Mean_absolute_error}",
  note = {last access 26/01/2023}
}

@misc{RMSE,
  title = {Root-mean-square error},
  howpublished = "\url{https://en.wikipedia.org/wiki/Root-mean-square_deviation}",
  note = {last access 26/01/2023}
}

@misc{Jaccard,
  title = {Jaccard index},
  howpublished = "\url{https://en.wikipedia.org/wiki/Jaccard_index}",
  note = {last access 27/01/2023}
}



@misc{metrics,
  title = {Evaluation metrics},
  howpublished = "\url{https://www.freecodecamp.org/news/evaluation-metrics-for-regression-problems-machine-learning/}",
  note = {last access 26/01/2023}
}

@article{MAPE_VALUES,
author = {Swanson, David A},
year = {2015},
month = {04},
title = {On the Relationship among Values of the same Summary Measure of Error when used
across Multiple Characteristics at the same point in time: An Examination of MALPE and
MAPE},
journal = {Review of Economics and Finance, 5(1)},
}


